@BOOK{cursus,
    author = {Robert A. Adams and Christopher Essex},
    edition = {Tenth edition},
    title = {Calculus: A complete course},
    publisher = {Pearson},
    year = {2021},
}
