@online{manual,
    title = {The guide, KOMA-Script},
    author = {Frank Neukam and Markus Kohm and Axel Kielhorn},
    year = {2024},
    publisher = {CTAN},
    url = {https://mirror.koddos.net/CTAN/macros/latex/contrib/koma-script/doc/scrguide-en.pdf},
}
