@BOOK{giancoli,
    title = {Physics for scientists and engineers},
    author = {Douglas Giancoli},
    year = {2022},
    publisher = {Pearson Education},
}
