@BOOK{cursus,
    author = {Arno Kuijlaars},
    title = {Bewijzen en redeneren (bachelor Wiskunde)},
    publisher = {Scientica cursusdienst},
    year = {academiejaar 2024-2025}
}
